%%%% Bibtex format!!!!!!. 
%%%% cite command: \cite{id} 
%%%% example: \cite{min2net}

@ARTICLE{min2net,
  author={Autthasan, Phairot and Chaisaen, Rattanaphon and Sudhawiyangkul, Thapanun and Rangpong, Phurin and Kiatthaveephong, Suktipol and Dilokthanakul, Nat and Bhakdisongkhram, Gun and Phan, Huy and Guan, Cuntai and Wilaiprasitporn, Theerawit},
  journal={IEEE Transactions on Biomedical Engineering}, 
  title={MIN2Net: End-to-End Multi-Task Learning for Subject-Independent Motor Imagery EEG Classification}, 
  year={2022},
  volume={69},
  number={6},
  pages={2105-2118}}
  
  
@book{hu79,
  author = {John E. Hopcroft and Jeffrey D. Ullman},
  title = {Introduction to Automata Theory, Languages, and Computation},
  publisher = {Addison-Wesley},
  year= {1979}
}

@article{rabinscott59,
  author = {Michael Rabin and Dana Scott},
  title = {Finite Automata and their Decision Problems},
  journal = {{IBM} Journal of Research and Development},
  volume = {3},
  number = {2},
  pages = {114--125},
  year = {1959}
}

@article{tonio_paper,
    author = {Schirrmeister, Robin Tibor and Springenberg, Jost Tobias and Fiederer, Lukas Dominique Josef and Glasstetter, Martin and Eggensperger, Katharina and Tangermann, Michael and Hutter, Frank and Burgard, Wolfram and Ball, Tonio},
    title = {Deep learning with convolutional neural networks for EEG decoding and visualization},
    journal = {Human Brain Mapping},
    volume = {38},
    number = {11},
    pages = {5391-5420},
    keywords = {electroencephalography, EEG analysis, machine learning, end-to-end learning, brain–machine interface, brain–computer interface, model interpretability, brain mapping},
    year = {2017}
}

  @INPROCEEDINGS{7298682,
  author={F. {Schroff} and D. {Kalenichenko} and J. {Philbin}},
  booktitle={2015 IEEE Conference on Computer Vision and Pattern Recognition (CVPR)}, 
  title={FaceNet: A unified embedding for face recognition and clustering}, 
  year={2015},
  volume={},
  number={},
  pages={815-823}}

@ARTICLE{somework2020,
  author={Chaisaen, Rattanaphon and Autthasan, Phairot and Mingchinda, Nopparada and Leelaarporn, Pitshaporn and Kunaseth, Narin and Tammajarung, Suppakorn and Manoonpong, Poramate and Mukhopadhyay, Subhas Chandra and Wilaiprasitporn, Theerawit},
  journal={IEEE Sensors Journal}, 
  title={Decoding EEG Rhythms During Action Observation, Motor Imagery, and Execution for Standing and Sitting}, 
  year={2020},
  volume={20},
  number={22},
  pages={13776-13786}}
